@article{SOM,
  title = {Diagrammatic quantum Monte Carlo study of the Fr\"ohlich polaron},
  author = {Mishchenko, A. S. and Prokof'ev, N. V. and Sakamoto, A. and Svistunov, B. V.},
  journal = {Phys. Rev. B},
  volume = {62},
  issue = {10},
  pages = {6317--6336},
  numpages = {0},
  year = {2000},
  month = {Sep},
  publisher = {American Physical Society},
  doi = {10.1103/PhysRevB.62.6317},
  url = {https://link.aps.org/doi/10.1103/PhysRevB.62.6317}
}
