@article{TRIQSSOM,
  title = {TRIQS/SOM: Implementation of the stochastic optimization method for analytic continuation},
  author = {Igor Krivenko and Malte Harland},
  journal = {Computer Physics Communications},
  volume = {239},
  pages = {166-183},
  year = {2019},
  issn = {0010-4655},
  doi = {https://doi.org/10.1016/j.cpc.2019.01.021},
  url = {https://www.sciencedirect.com/science/article/pii/S0010465519300402}
}
