@article{SOCC,
  title = {Numerical analytic continuation: Answers to well-posed questions},
  author = {Goulko, Olga and Mishchenko, Andrey S. and Pollet, Lode and Prokof'ev, Nikolay and Svistunov, Boris},
  journal = {Phys. Rev. B},
  volume = {95},
  issue = {1},
  pages = {014102},
  numpages = {11},
  year = {2017},
  month = {Jan},
  publisher = {American Physical Society},
  doi = {10.1103/PhysRevB.95.014102},
  url = {https://link.aps.org/doi/10.1103/PhysRevB.95.014102}
}
